@misc{matlabhelp, 
title={Solve Difference Equations Using Z-Transform}, 
url={https://www.mathworks.com/help/matlab/}, 
journal={MATLAB Documentation}
}